@ARTICLE{asn_data,
   author = {{Shappee}, B.~J. and {Prieto}, J.~L. and {Grupe}, D. and {Kochanek}, C.~S. and 
  {Stanek}, K.~Z. and {De Rosa}, G. and {Mathur}, S. and {Zu}, Y. and 
  {Peterson}, B.~M. and {Pogge}, R.~W. and {Komossa}, S. and {Im}, M. and 
  {Jencson}, J. and {Holoien}, T.~W.-S. and {Basu}, U. and {Beacom}, J.~F. and 
  {Szczygie{\l}}, D.~M. and {Brimacombe}, J. and {Adams}, S. and 
  {Campillay}, A. and {Choi}, C. and {Contreras}, C. and {Dietrich}, M. and 
  {Dubberley}, M. and {Elphick}, M. and {Foale}, S. and {Giustini}, M. and 
  {Gonzalez}, C. and {Hawkins}, E. and {Howell}, D.~A. and {Hsiao}, E.~Y. and 
  {Koss}, M. and {Leighly}, K.~M. and {Morrell}, N. and {Mudd}, D. and 
  {Mullins}, D. and {Nugent}, J.~M. and {Parrent}, J. and {Phillips}, M.~M. and 
  {Pojmanski}, G. and {Rosing}, W. and {Ross}, R. and {Sand}, D. and 
  {Terndrup}, D.~M. and {Valenti}, S. and {Walker}, Z. and {Yoon}, Y.
  },
    title = "{The Man behind the Curtain: X-Rays Drive the UV through NIR Variability in the 2013 Active Galactic Nucleus Outburst in NGC 2617}",
  journal = {\apj},
archivePrefix = "arXiv",
   eprint = {1310.2241},
 primaryClass = "astro-ph.HE",
 keywords = {galaxies: active, galaxies: nuclei, galaxies: Seyfert, line: formation, line: profiles},
     year = 2014,
    month = jun,
   volume = 788,
      eid = {48},
    pages = {48},
      doi = {10.1088/0004-637X/788/1/48},
   adsurl = {http://adsabs.harvard.edu/abs/2014ApJ...788...48S},
  adsnote = {Provided by the SAO/NASA Astrophysics Data System}
}

@ARTICLE{ATLAS_data,
   author = {{Tonry}, J.~L.},
    title = "{An Early Warning System for Asteroid Impact}",
    journal = {PASP},
archivePrefix = "arXiv",
   eprint = {1011.1028},
 primaryClass = "astro-ph.IM",
     year = 2011,
    month = jan,
   volume = 123,
    pages = {58-73},
      doi = {10.1086/657997},
   adsurl = {http://adsabs.harvard.edu/abs/2011PASP..123...58T},
  adsnote = {Provided by the SAO/NASA Astrophysics Data System}
}

@ARTICLE{Same_as_ATLAS_data_w_journal,
   author = {{Tonry}, J.~L.},
    title = "{An Early Warning System for Asteroid Impact}",
  journal = {\pasp},
archivePrefix = "arXiv",
   eprint = {1011.1028},
 primaryClass = "astro-ph.IM",
     year = 2011,
    month = jan,
   volume = 123,
    pages = {58-73},
      doi = {10.1086/657997},
   adsurl = {http://adsabs.harvard.edu/abs/2011PASP..123...58T},
  adsnote = {Provided by the SAO/NASA Astrophysics Data System}
}

@ARTICLE{Alard_algorithm,
   author = {{Alard}, C. and {Lupton}, R.~H.},
    title = "{A Method for Optimal Image Subtraction}",
  journal = {\apj},
   eprint = {astro-ph/9712287},
 keywords = {METHODS: DATA ANALYSIS, METHODS: STATISTICAL, TECHNIQUES: IMAGE PROCESSING, Methods: Data Analysis, Methods: Statistical, Techniques: Image Processing},
     year = 1998,
    month = aug,
   volume = 503,
    pages = {325-331},
      doi = {10.1086/305984},
   adsurl = {http://adsabs.harvard.edu/abs/1998ApJ...503..325A},
  adsnote = {Provided by the SAO/NASA Astrophysics Data System}
}